<record><leader>00000cas a2200000 a 4500</leader><controlfield tag="001">40434414</controlfield><controlfield tag="008">981203d18661866caudn ne      0    0eng c</controlfield><datafield ind1=" " ind2=" " tag="010"><subfield code="a">sn 98061111 </subfield></datafield><datafield ind1=" " ind2=" " tag="040"><subfield code="a">CNK</subfield><subfield code="b">eng</subfield><subfield code="c">CNK</subfield><subfield code="d">OCLCQ</subfield><subfield code="d">CNK</subfield><subfield code="d">OCLCQ</subfield><subfield code="d">OCLCF</subfield><subfield code="d">OCLCO</subfield></datafield><datafield ind1="1" ind2=" " tag="029"><subfield code="a">AU@</subfield><subfield code="b">000014355871</subfield></datafield><datafield ind1=" " ind2=" " tag="042"><subfield code="a">pcc</subfield></datafield><datafield ind1=" " ind2=" " tag="043"><subfield code="a">n-us-ca</subfield></datafield><datafield ind1="0" ind2=" " tag="130"><subfield code="a">Daily reporter (Napa, Calif.)</subfield></datafield><datafield ind1="1" ind2="4" tag="245"><subfield code="a">The daily reporter.</subfield></datafield><datafield ind1="1" ind2="3" tag="246"><subfield code="a">Daily Napa reporter</subfield></datafield><datafield ind1=" " ind2=" " tag="260"><subfield code="a">Napa City [Calif.] :</subfield><subfield code="b">Lank Higgins &amp; Co.</subfield></datafield><datafield ind1=" " ind2=" " tag="300"><subfield code="a">v.</subfield></datafield><datafield ind1=" " ind2=" " tag="310"><subfield code="a">Daily (except Sun.)</subfield></datafield><datafield ind1="1" ind2=" " tag="362"><subfield code="a">Began in 1866.</subfield></datafield><datafield ind1="0" ind2=" " tag="362"><subfield code="a">-v. 1, no. 82 (Dec. 29, 1866).</subfield></datafield><datafield ind1=" " ind2=" " tag="530"><subfield code="a">Master negatives are available for duplication from:</subfield><subfield code="b">California Newspaper Microfilm Archive;</subfield><subfield code="c">positive copies may be purchased by the reel; for further information consult the CNMA at:</subfield><subfield code="u">http://cbsr.ucr.edu</subfield></datafield><datafield ind1=" " ind2=" " tag="588"><subfield code="a">Description based on: Vol. 1, no. 43 (Nov. 12, 1866).</subfield></datafield><datafield ind1=" " ind2="0" tag="651"><subfield code="a">Napa (Calif.)</subfield><subfield code="v">Newspapers.</subfield></datafield><datafield ind1=" " ind2="7" tag="655"><subfield code="a">Newspapers.</subfield><subfield code="2">fast</subfield><subfield code="0">(OCoLC)fst01423814</subfield></datafield><datafield ind1=" " ind2="7" tag="651"><subfield code="a">California</subfield><subfield code="z">Napa.</subfield><subfield code="2">fast</subfield><subfield code="0">(OCoLC)fst01214293</subfield></datafield><datafield ind1=" " ind2=" " tag="752"><subfield code="a">United States</subfield><subfield code="b">California</subfield><subfield code="c">Napa</subfield><subfield code="d">Napa.</subfield></datafield><datafield ind1="0" ind2="0" tag="785"><subfield code="t">Daily evening reporter (Napa, Calif.)</subfield><subfield code="w">(DLC)sn 93051517</subfield></datafield></record>